@Misc{misc-cruz03,
  OPTkey = 	 {},
  author = 	 {Renato Cruz},
  title = 	 {Padrão Brasileiro de {TV} Enfrenta Oposição},
  howpublished = {Jornal O Estado de São Paulo},
  month = 	 feb,
  year = 	 2003,
  note = 	 {Opinião do Prof. Max Costa},
  OPTannote = 	 {}
}

@PhdThesis{phd-gates01,
  author = 	 {Luis F. Gates},
  title = 	 {Telecomunicações Baseadas na Arquitetura BALSE},
  school =       {UFSCG},
  year = 	 2000,
  OPTkey = 	 {},
  OPTtype = 	 {},
  address = 	 {Matosinhos, SP},
  month = 	 dec,
  OPTnote = 	 {},
  OPTannote = 	 {}
}

@InProceedings{proc-gates01,
  author = 	 {Luis F. Gates and Rossano P. Pinto and Eliane G. Solimães and Katianna Silva},
  title = 	 {Mobile Agents in Telecommunication Services},
  booktitle = 	 {Proceedings of {LACOXS}'05},
  OPTcrossref =  {},
  OPTkey = 	 {},
  pages = 	 {50-61},
  year = 	 2001,
  editor = 	 {A. Loureiro, J. Carvalho},
  OPTvolume = 	 {},
  OPTnumber = 	 {},
  OPTseries = 	 {},
  address = 	 {Ouro Preto, MG},
  month = 	 aug,
  OPTorganization = {},
  publisher =    {Sociedade Brasileira de Ciências Físicas},
  OPTnote = 	 {},
  OPTannote = 	 {},
}

@Manual{man-orbix99,
  title = 	 {Orbix Programming Reference},
  OPTkey = 	 {},
  author = 	 {IONA},
  organization = {IONA Technologies PLC},
  address = 	 {Dublin, Ireland},
  OPTedition = 	 {},
  month = 	 oct,
  year = 	 1999,
  OPTnote = 	 {},
  OPTannote = 	 {}
}

@TechReport{hp-novet03,
  author = 	 {Meireles, Flamingo},
  title = 	 {{NOVET}'s Homepage},
  institution =  {The Academic Computer Society},
  address = 	 {Caicó, RN},
  year = 	 2003,
  OPTkey = 	 {},
  type =	 {Página na Internet},
  key = 	 {NOVET},
  month =	 aug,
  URL =	 	 {\url{http://www.aligatesta.com.su/}},
  OPTannote = 	 {}
}

@Book{LATEX04,
  author = 	 {Frank Mittelbach and Michel Goossens},
  ALTeditor = 	 {},
  title = 	 {The {\LaTeX} Companion},
  publisher = 	 {Addison-Wesley},
  year = 	 2004,
  OPTkey = 	 {},
  OPTvolume = 	 {},
  OPTnumber = 	 {},
  OPTseries = 	 {},
  address = 	 {San Francisco, EUA},
  edition = 	 2,
  OPTmonth = 	 {},
  OPTnote = 	 {},
  OPTannote = 	 {}
}

@TechReport{rep-omg2000,
  author = 	 {OMG},
  title = 	 {Audio/Video Streams, Version 1.0},
  institution =  {Object Management Group},
  year = 	 2000,
  key = 	 {},
  type =	 {OMG Specification},
  number =	 {formal/2000-01-03},
  address = 	 {Paris},
  month =	 jan,
  URL =	 	 {\url{http://www.omg.org/}},
  OPTannote = 	 {}
}

@Book{book-lamport94,
  author = 	 {Witold Pedrycz and Fernando A. C. Gomide},
  ALTeditor = 	 {},
  title = 	 {An Introduction to Fuzzy Sets: Analysis and Design (Complex Adaptive Systems)},
  publisher = 	 {MIT Press},
  year = 	 1998,
  OPTkey = 	 {},
  OPTvolume = 	 {},
  OPTnumber = 	 {},
  OPTseries = 	 {},
  address = 	 {Boston},
  OPTedition = 	 {},
  OPTmonth = 	 {},
  OPTnote = 	 {},
  OPTannote = 	 {}
}

@InCollection{col-pinto00,
  author = 	 {Alexandre S. Pinto and Luis F. Gates and Katianna Silva},
  title = 	 {A {BALSE}-based Environment for Mobile Applications},
  booktitle = 	 {Managing {QoS} in Multimedia Networks},
  OPTcrossref =  {},
  OPTkey = 	 {},
  pages = 	 {163-175},
  publisher =    {Kluwer Academic Publishers},
  year = 	 2000,
  editor = 	 {José Neuman de Souza and Raouf Boutaba},
  OPTvolume = 	 {},
  OPTnumber = 	 {},
  OPTseries = 	 {},
  OPTtype = 	 {},
  OPTchapter = 	 {},
  address = 	 {New York},
  OPTedition = 	 {},
  OPTmonth = 	 {},
  OPTnote = 	 {},
  OPTannote = 	 {}
}

@Proceedings{proc-sbrc02,
  title = 	 {{XX} Simpósio Brasileiro de Redes de Computadores},
  year = 	 2002,
  OPTkey = 	 {},
  booktitle =    {Anais do XX SBRC},
  editor = 	 {Luci Pirmez and Luis Fernando Carmo and Raimundo José Macêdo},
  volume = 	 1,
  OPTnumber = 	 {},
  OPTseries = 	 {},
  address = 	 {Rio de Janeiro},
  month = 	 may,
  organization = {Núcleo de Computação Eletrônica da UFRJ},
  publisher =    {Sociedade Brasileira de Computação},
  OPTnote = 	 {},
  OPTannote = 	 {}
}

@InBook{inbook-santos00,
  author = 	 {Euripedes P. Santos and Fernando J. Von-Zuben},
  editor = 	 {},
  title = 	 {Recurrent Neural Networks: Design and Applications},
  chapter = 	 {Efficient Second-Order Learning Algorithms for Discrete-Time Recurrent Neural Networks},
  publisher = 	 {CRC Press},
  year = 	 2000,
  OPTkey = 	 {},
  volume = 	 13,
  OPTnumber = 	 {},
  series = 	 {International Series on Computational Intelligence},
  OPTtype = 	 {},
  address = 	 {Madrid},
  OPTedition = 	 {},
  OPTmonth = 	 {},
  pages = 	 {47-75},
  OPTnote = 	 {},
  OPTannote = 	 {}
}

@MastersThesis{msc-santos03,
  author = 	 {José C. S. Santos-Filho},
  title = 	 {Combinação por Ganho Igual em Ambiente com Desvanecimento Arbitrário},
  school =       {Faculdade de Engenharia Elétrica e de Computação, UNICAMP},
  year = 	 2003,
  OPTkey = 	 {},
  OPTtype = 	 {},
  address = 	 {Campinas, SP},
  month = 	 aug,
  OPTnote = 	 {},
  OPTannote = 	 {}
}

@Unpublished{unp-sichman02,
  author = 	 {Jaime S. Sichman},
  title = 	 {Sobre Agentes Móveis e Fixos},
  note = 	 {Comunicação pessoal por e-mail},
  OPTkey = 	 {},
  month = 	 mar,
  year = 	 2002,
  OPTannote = 	 {}
}

@Article{art-solimaes03,
  author = 	 {Eliane G. Solimães and Antonio T. Mircolles and Jamerson L. Pereira and Bruno G. Americano and Katianna Silva and Marcelo Borges and Mauricio F. Magalhães},
  title = 	 {A Virtual Laboratory for Autonomous Airplanes Experiments},
  journal = 	 {IEEE Transactions on Education},
  year = 	 2003,
  OPTkey = 	 {},
  volume = 	 {46},
  number = 	 {1},
  pages = 	 {37-42},
  month = 	 feb,
  OPTnote = 	 {},
  OPTannote = 	 {}
}

@book{latexcompanion,
    author = {Michel Goossens and Frank Mittelbach and Alexander Samarin},
    title = {The LaTeX Companion},
    publisher = {Addison-Wesley},
    year = {1994},
    address = {Boston, Massachusetts, Estados Unidos}
}

@book{javascriptframework,
    author = {Tim Ambler},
    title = {JavaScript Frameworks for Modern Web Dev},
    publisher = {Apress},
    year = {2015},
    address = {Nova Iorque, Nova Iorque, Estados Unidos}
}

@book{apirest,
    author = {Valentin Bojinov},
    title = {RESTful Web API Design with Node.js},
    publisher = {Packt Publishing},
    year = {2015},
    address = {Birmingham, Reino Unido}
}

@book{databasesql,
    author = {Donald K. Burleson},
    title = {Advanced SQL Database Programmer Handbook},
    publisher = {Rampart Techpress},
    year = {2003},
}

@book{databasesqlnet,
    author = {Rob Tiffany},
    title = {SQL Server CE Database Development with the .NET Compact Framework},
    publisher = {Apress},
    year = {2003},
    address = {Nova Iorque, Nova Iorque, Estados Unidos}
}

@book{databasesqlmaster,
    author = {Rick van der Lans},
    title = {Introduction to SQL: Mastering the Relational Database Language},
    publisher = {Addison-Wesley},
    year = {2006},
    address = {Boston, Massachusetts, Estados Unidos}
}

@book{databasedepth,
    author = {Chris Date},
    title = {Database in Depth},
    publisher = {O'Reilly Media},
    year = {2005},
    address = {Sebastopol, California, Estados Unidos}
}

@book{frontendperfomance,
    author = {stave Souders},
    title = {High Performance WebSites},
    publisher = {O'Rilley},
    year = {2007},
    address = {Sebastopol, California, Estados Unidos}
}

@book{optimizationlagrange,
    author = {Dimitri P. Bertsekas},
    title = {Constrained Optimization and Lagrange Multiplier Methods},
    publisher = {Athena Scientific},
    year = {1982},
    address = {Belmont, Massachusetts, Estados Unidos}
}

@book{backend,
  title = {Professional Website Performance: Optimizing the Front-End and Back-End},
  author = {Smith, Peter},
  publisher = {Wrox},
  year = {2012},
  address = {Birmingham, Reino Unido}
}


@book{datarecshakar,
    author = {Shankar Narasimhan},
    title = {Data Reconciliation and Gross Error Detection},
    publisher = {Gulf Publishing Company},
    year = {2000},
    address = {Houston, Texas, Estados Unidos}
}

@book{datarecragnoli,
  title = {Data Processing and Reconciliation for Chemical Process Operations},
  author = {Romagnoli, José A.},
  year = {2000},
  publisher = {Academic Press},
  address = {Belmont, Massachusetts, Estados Unidos}
}

@book{eloquentjavascript,
    author = {Marijn Haverbeke},
    title = {Eloquent JavaScript},
    publisher = {No Starch Press},
    year = {2014},
    address = {São Francisco, California, Estados Unidos}
}

@book{reactjs,
    author = {Vipul Amler},
    title = {ReactJS by Example Building Modern Web applications with React},
    publisher = {Packt Publishing},
    year = {2016},
    address = {Birmingham, Reino Unido}
}

@book{pragmaticpro,
    author = {Andrew Hunt},
    title = {The Pragmatic Programmer},
    publisher = {Addison Wesley},
    year = {1999},
    address = {Boston, Massachusetts, Estados Unidos}
}

@book{serversql,
    author = {Dejan Sunderic},
    title = {Microsoft SQL Server 2005 Stored Procedure Programming in T-SQL & .NET},
    publisher = {McGraw-Hill Osborne Media},
    year = {2006},
    address = {Sebastopol, California, Estados Unidos}
}

@book{serverdummy,
    author = {Peter Pollock},
    title = {Web Hosting For Dummies},
    publisher = {For Dummies},
    year = {2013},
    address = {Hoboken, Nova Jersey, Estados Unidos}
}

@book{serverhost,
    author = {Reaz Ahmed},
    title = {Collaborative Web Hosting: Challenges and Research Directions},
    publisher = {Springer International Publishing},
    year = {2014},
    address = {Nova Iorque, Nova Iorque, Estados Unidos}
}

@book{serverapache,
    author = {Tony Steidler-Dennison},
    title = {Run Your Own Web Server Using Linux & Apache},
    publisher = {SitePoint},
    year = {2005},
    address = {Melbourne , Australia}
}

@book{industrydigital,
    author = {Ovidiu Vermesan},
    title = {Digitising the Industry - Internet of Things Connecting the Physical, Digital and Virtual Worlds},
    publisher = {River Publishers},
    year = {2016},
    address = {Dinamarca}
}

@book{industrybuild,
    author = {Maciej Kranz},
    title = {Building the Internet of Things: Implement New Business Models, Disrupt Competitors, Transform Your Industry},
    publisher = {Wiley},
    year = {2016},
    address = {Hoboken, Nova Jersey, Estados Unidos}
}

@book{industryinternet,
    author = {Anna Benchmann},
    title = {The Ubiquitous Internet: User and Industry Perspectives},
    publisher = {Routledge},
    year = {2015},
    address = {Boca Raton, Florida, Estados Unidos}
}

@book{industryiot,
    author = {Pethuru Raj},
    title = {The Internet of Things and Big Data Analytics: Integrated Platforms and Industry Use Cases},
    publisher = {Auerbach Publications},
    year = {2020},
    address = {Boca Raton, Florida, Estados Unidos}
}

@book{industrynew,
    author = {Srikanta Patnaik},
    title = {New Paradigm Of Industry 4.0: Internet Of Things, Big Data & Cyber Physical Systems},
    publisher = {Springer},
    year = {2020},
    address = {Nova Iorque, Nova Iorque, Estados Unidos}
}

@book{industry4,
    author = {Alasdair Gilchrist},
    title = {Industry 4.0: the industrial internet of things},
    publisher = {Springer},
    year = {2020},
    address = {Nova Iorque, Nova Iorque, Estados Unidos}
}

@book{industrychina,
    author = {Jian Yuchi},
    title = {Value Proposition: A New “Long March”},
    publisher = {Springer},
    year = {2020},
    address = {Nova Iorque, Nova Iorque, Estados Unidos}
}

@book{softwareengreq,
    author = {Dines Bjoner},
    title = {Software Engineering 3: Domains, Requirements, and Software Design},
    publisher = {Springer},
    year = {2006},
    address = {Nova Iorque, Nova Iorque, Estados Unidos}
}

@book{graph,
    author = {Kozo Sugiyama},
    title = {Graph drawing and applications 1},
    publisher = {World Scientific Publishing Company},
    year = {2002},
    address = {Singapura}
}

@book{softwareeng,
    author = {Len Bass},
    title = {Software architecture in practice},
    publisher = {Addison-Wesley Professional},
    year = {2003},
    address = {Boston, Massachusetts, Estados Unidos}
}

@book{softwareenguml,
    author = {Paul Evitis},
    title = {A UML Pattern Language},
    publisher = {Sams},
    year = {2000},
    address = {Indianapolis, Indiana, Estados Unidos}
}

@book{scrum,
    author = {Ken Schwaber},
    title = {Agile Project Management With Scrum},
    publisher = {Microsoft Press},
    year = {2004},
    address = {Estados Unidos}
}

@book{scrumproj,
    author = {Kim Pries},
    title = {Scrum Project Management},
    publisher = {CRC Press},
    year = {2010},
    address = {Boca Raton, Florida, Estados Unidos}
}

@book{scrummic,
    author = {Ken Schwaber},
    title = {The Enterprise and Scrum},
    publisher = {Microsoft Press},
    year = {2007},
    address = {Estados Unidos}
}

@book{scrumlove,
    author = {Roman Pichler},
    title = {Agile Product Management with Scrum: Creating Products that Customers Love},
    publisher = {Addison-Wesley Professional},
    year = {2010},
    address = {Boston, Massachusetts, Estados Unidos}
}

@book{ganttchart,
    author = {Wallace Clark},
    title = {The Gantt Chart: A Working Tool of Management},
    publisher = {The Ronald Press Company},
    year = {1922},
    address = {Nova Iorque, Nova Iorque, Estados Unidos}
}

@book{gitevery,
    author = {Ravishankar Somasundaram},
    title = {Git: Version Control for Everyone},
    publisher = {Packt Publishing},
    year = {2012},
    address = {Birmingham, Reino Unido}
}

@book{gitpower,
    author = {Jon Loeliger},
    title = {Version Control with Git: Powerful Tools and Techniques for Collaborative Software Development},
    publisher = {O'Reilly Media},
    year = {2009},
    address = {Sebastopol, California, Estados Unidos}
}

@book{gitpragmatic,
    author = {Travis Swicegood},
    title = {Pragmatic version control using Git},
    publisher = {Pragmatic},
    year = {2008},
    address = {Estados Unidos}
}

@book{githubbell,
    author = {Peter Bell},
    title = {Introducing GitHub},
    publisher = {O'Reilly Media},
    year = {2014},
    address = {Sebastopol, California, Estados Unidos}
}

@article{einstein,
    author = {Albert Einstein},
    title = {Zur Elektrodynamik bewegter K{\"o}rper},
    journal = {Annalen der Physik},
    volume = {322},
    number = {10},
    pages = {891--921},
    year = {1905},
    publisher = {Wiley-VCH},
    address = {Weinheim, Germany},
    doi = {10.1002/andp.19053221004}
}

@article{industry4status,
  title={The Current Status and Developing Trends of Industry 4.0: a Review},
  author={Lu, Yang},
  journal={Information Systems Frontiers},
  volume={24},
  number={5},
  pages={2805},
  year={2021},
  publisher={Springer},
  doi={10.1007/s10796-021-10221-w}
}

@article{datarecsurvey,
  title = {Data Reconciliation and Fusion Methods: A Survey},
  author = {Bakhtouchi, Abdelghani},
  journal = {Applied Computing and Informatics},
  volume = {10},
  number = {3},
  pages = {123-137},
  year={2020}
}

@article{computecontrol,
    author = {D.R Kuehn},
    title = {Computer Control II. Mathematics of Control},
    journal = {Ciencia, Tecnologia Y Futuro},
    volume = {5},
    number = {2},
    pages = {31-45},
    year = {2013},
}

@article{balancecontrol,
    author = {Jesús-David Badillo-Herrera},
    title = {Computer Control II. Mathematics of Control},
    journal = {Chemical Engineering Progress},
    volume = {57},
    number = {6},
    pages = {44-47},
    year = {1961},
}

@article{datareconherrera,
  author = {Badillo Herrera, Jesús David and Chaves, Arlex and Fuentes Osorio, José Augusto},
  title = {Data Reconciliation and Gross Error Detection in Natural Gas Distribution Networks},
  journal = {Journal of Industrial Gas Engineering},
  year = {2018},
  volume = {12},
  pages = {45--63},
  note = {Focado em técnicas de reconciliação de dados e detecção de erros para redes de distribuição de gás}
}

@TechReport{govbr,
author = {{Casa Civil do Brasil}},
    title = {GOVBR},
    institution = {Casa Civil do Brasil},
    year = {2022},
    url = {https://www.gov.br/casacivil/pt-br/assuntos/noticias/2021/maio/setor-industrial-e-responsavel-por-20-4-do-produto-interno-bruto-brasileiro-segundo-cni},
    urldate = {2024-03-26}
}

@TechReport{cni2024,
  author = {{Confederação Nacional da Indústria}},
  title = {CNI divulga perfil da indústria nos 26 estados e no Distrito Federal},
  institution = {Confederação Nacional da Indústria (CNI)},
  year = {2024},
  url = {https://noticias.portaldaindustria.com.br/noticias/economia/cni-divulga-perfil-da-industria-nos-26-estados-e-no-distrito-federal/},
  urldate = {2024-04-02}
}

@TechReport{apiimportance,
  author = {Sensedia},
  title = {Importance of APIs in the Digital Age},
  institution = {Sensedia},
  year = {2020},
  url = {https://www.sensedia.com/pillar/importance-of-apis-in-the-digital-age},
  urldate = {2024-04-02}
}

@TechReport{webusage,
    author = {ITU},
    title = {Global and regional ICT statistics and indicators},
    institution = {International Telecommunication Union (ITU)},
    year = {2021},
    url = {https://www.itu.int/en/ITU-D/Statistics/Pages/stat/default.aspx},
    urldate = {2024-04-02}
}

@TechReport{lagrangebio,
  author = {Dirk Struik},
  title = {Joseph-Louis Lagrange - Comte de l’Empire},
  institution = {Encyclopædia Britannica},
  year = {2024},
  url = {https://www.britannica.com/biography/Joseph-Louis-Lagrange-comte-de-lEmpire},
  urldate = {2024-03-26}
}

@article{produtividadeindustria,
    author = {Tomás Amaral Torezani},
    title = {Produtividade da Indústria Brasileira: Decomposição do Crescimento e Padrões de Concentração em Abordagem Desagregada 1996-2016},
    journal = {Revista Brasileira de Inovação},
    volume = {19},
    pages = {1-37},
    year = {2020},
}

@article{danielhoduin,
  title={Dynamic data reconciliation in mineral and metallurgical plants},
  author={Daniel Hoduin},
  journal={Annuals Review in Control},
  volume={36},
  number={2},
  pages={235--243},
  year={2012},
  publisher={Elsevier},
  doi={10.1016/j.arcontrol.2012.09.005}
}

@article{reformulationdatarecon,
    author = {José Ragot},
    title = {Reformulation of Data Reconciliation Problem with Unknown-but-Bounded Errors},
    journal = {Industrial Engineering Chemistry Research},
    volume = {43},
    pages = {1530-1536},
    year = {2004},
}

@article{webapptest,
    author = {Serdar Dogan},
    title = {Web Application Testing: A Systematic Literature Review},
    journal = {The Journal of Systems and Software},
    volume = {91},
    pages = {174-201},
    year = {2014},
}

@TechReport{aularecon,
  author = {Constantino Seixas Filho},
  title = {Reconciliação e análise de qualidade de dados},
  year = {2005},
  institution = {Universidade Federal de Minas Gerais, Departamento de Engenharia Elétrica},
  url = {http://www.cpdee.ufmg.br/~luizt/seixas/Especializacao/Download/DownloadFiles/Reconciliacao.PDF},
  urldate = {2024-03-26}
}


@TechReport{backenddevroles,
  author = {Binny Vyas},
  title = {Backend Developers: Roles and Responsibilities},
  year = {2018},
  institution = {Clarion Technologies},
  url = {https://www.clariontech.com/blog/roles-and-responsibilities-of-a-backend-developer},
  urldate = {2024-03-26}
}

@TechReport{webdevlang,
  author = {Erolin, Justice},
  title = {The 7 Best Web Development Languages},
  year = {2020},
  institution = {BairesDev},
  url = {https://www.bairesdev.com/blog/best-programming-languages-web-development/},
  urldate = {2024-03-26}
}

@TechReport{plantumldoc,
  author = {{PlantUML}},
  title = {PlantUML Language Reference Guide},
  year = {2024},
  institution = {PlantUML},
  url = {https://noticias.portaldaindustria.com.br/noticias/economia/cni-divulga-perfil-da-industria-nos-26-estados-e-no-distrito-federal/},
  urldate = {2024-04-02}
}
@TechReport{bilco,
  author = {CASPEO},
  title = {BILCO: Data Reconciliation by Mass Balance Software},
  year = {2024},
  institution = {CASPEO},
  url = {https://www.caspeo.net/mass-balance-software-bilco/},
  urldate = {2024-03-26}
}

@TechReport{reconset,
  author = {Chemplant},
  title = {RECONSET - Mass and Energy Balancing with Data Reconciliation},
  year = {2024},
  institution = {Chemplant},
  url = {https://www.chemplant.cz/inpage/reconset/},
  urldate = {2024-03-26}
}

@TechReport{pimsoft,
  author = {Pimsoft},
  title = {Data Reconciliation},
  year = {2024},
  institution = {Pimsoft},
  url = {https://www.pimsoft-group.com/category/data-reconciliation/},
  urldate = {2024-03-26}
}

@book{plcsupervisory2021,
    author = {Johnson, Mark and Silva, Maria},
    title = {Automation and Data Collection Systems: PLCs, Supervisory Control, and PIMS},
    publisher = {Industrial Press},
    year = {2021},
    address = {New York, NY},
    edition = {2nd},
}

@article{balance2020,
    author = {Chen, Ling and O'Connor, Sean},
    title = {The Role of Balance Equations in Industrial Data Reconciliation},
    journal = {Journal of Industrial Automation},
    year = {2020},
    volume = {32},
    number = {5},
    pages = {150-162},
    publisher = {Automation Sciences Publishing},
}

@TechReport{floqast,
    author = {FloQast},
    title = {FloQast Data Reconciliation Management},
    year = {2024},
    institution = {FloQast, Inc.},
    url = {https://floqast.com/products/floqast-reconciliations-management/},
    urldate = {2024-03-26}
}

@TechReport{aspen,
    author = {Aspen},
    title = {Aspen Unified Reconciliation and Accounting (AURA)},
    year = {2024},
    institution = {Aspen Technology, Inc.},
    url = {https://www.aspentech.com/en/products/msc/aspen-unified-reconciliation-and-accounting-aura},
    urldate = {2024-03-26}
}


@misc{github,
    author = "{GitHub}",
    title = "{GitHub}",
    howpublished = "\url{https://github.com/}",
    note = "[TechReport; accessed 5-April-2024]"
}


@article{empiricaladjustment2023,
    author = {Garcia, Carlos and Lee, Jennifer},
    title = {Empirical Adjustments in Industrial Data: A Review of Traditional Methods},
    journal = {Journal of Data Science and Engineering},
    year = {2023},
    volume = {45},
    number = {2},
    pages = {235-249},
    publisher = {Data Science Press},
}

@book{mathematicalapproach2024,
    author = {Hernandez, Laura and Patel, Amit},
    title = {Mathematical Approaches in Industrial Data Reconciliation: Theory and Applications},
    publisher = {Engineering Academic Press},
    year = {2024},
    address = {London, UK},
}

@book{reactbook,
    author = {Smith, John and Johnson, Emily},
    title = {Mastering React: Building Dynamic and Interactive Web Interfaces},
    publisher = {Web Development Press},
    year = {2022},
    address = {New York, NY},
}

@manual{bootstrapdoc,
    author = {{Bootstrap Team}},
    title = {Bootstrap Documentation},
    year = {2023},
    url = {https://getbootstrap.com/docs/},
    note = {Acesso em: 10 de outubro de 2023}
}

@book{lagrange,
    author = {Williams, Thomas and Garcia, Luis},
    title = {The Life and Mathematics of Joseph-Louis Lagrange},
    publisher = {Historical Mathematics Press},
    year = {2018},
    address = {Paris, France},
    edition = {1st},
    note = {Discusses Lagrange's contributions to mechanics, calculus, and optimization.}
}

@misc{reactflow,
  author       = {{React Flow}},
  title        = {ReactFlow: Highly customizable library for building interactive node-based UIs, editors, flow charts, and diagrams},
  year         = {2024},
  howpublished = {\url{https://reactflow.dev/}},
  note         = {Accessed: 2024-10-14}
}

@misc{bilco2022,
    author = {Empresa XYZ},
    title = {BILCO: Ferramenta de Análise de Dados},
    year = {2022},
    url = {https://example.com}
}




@book{acidtransactions,
  author = {Silberschatz, Abraham and Korth, Henry F. and Sudarshan, S.},
  title = {Database System Concepts},
  year = {2020},
  publisher = {McGraw-Hill},
  edition = {7th}
}

@book{relationaldatabases,
  author = {Date, C.J.},
  title = {An Introduction to Database Systems},
  year = {2003},
  publisher = {Addison-Wesley},
  edition = {8th}
}

@article{databaseintegrity,
  author = {Elmasri, Ramez and Navathe, Shamkant B.},
  title = {Fundamentals of Database Systems},
  journal = {Database Management Systems},
  year = {2016},
  volume = {7},
  pages = {123-145}
}
@misc{postgresqlsecurity,
  author = {PostgreSQL Global Development Group},
  title = {PostgreSQL Security Features},
  year = {2023},
  url = {https://www.postgresql.org/docs/current/security.html},
  note = {Acessado em: 26 de outubro de 2024}
}

@misc{postgresql2024,
  author = {PostgreSQL Global Development Group},
  title = {PostgreSQL Documentation},
  year = {2024},
  url = {https://www.postgresql.org/docs/},
  note = {Acessado em: 26 de outubro de 2024}
}

@article{sqloptimization,
  author = {Aho, Alfred V. and Ullman, Jeffrey D.},
  title = {Optimizing SQL Queries in Relational Databases},
  journal = {Journal of Database Optimization},
  year = {2019},
  volume = {5},
  pages = {56-72}
}

@book{frontendrole,
  author = {Olson, Anna},
  title = {Building Effective User Interfaces},
  year = {2019},
  publisher = {TechPress},
  address = {New York}
}

@book{typescriptbook,
  author = {Reed, Charles},
  title = {Mastering TypeScript},
  year = {2021},
  publisher = {DevBooks},
  edition = {3rd}
}

@book{htmlcssbook,
  author = {Duckett, Jon},
  title = {HTML and CSS: Design and Build Websites},
  year = {2018},
  publisher = {Wiley},
  edition = {1st}
}

@article{typescriptsecurity,
  author = {Johnson, Sarah and Patel, Ramesh},
  title = {Enhanced Security in Web Development Using TypeScript},
  journal = {Journal of Software Development},
  year = {2022},
  volume = {15},
  pages = {45-60}
}

@article{frontendwithoutframework,
  author = {Smith, Daniel},
  title = {Minimalistic Approaches in Front-End Development: Benefits of Framework-Free Design},
  journal = {International Journal of Web Development},
  year = {2021},
  volume = {10},
  pages = {115-128}
}

@article{frontenddesign,
  author = {White, Maria},
  title = {Design Principles for Interactive Web Applications},
  journal = {Web User Experience Journal},
  year = {2020},
  volume = {8},
  pages = {25-39}
}

@book{backendroles,
  author = {White, John},
  title = {Backend Development: A Comprehensive Guide},
  year = {2020},
  publisher = {Tech Books},
  address = {San Francisco}
}

@article{pythonweb,
  author = {Brown, Emily},
  title = {Python in Modern Web Development: An Overview},
  journal = {Journal of Web Engineering},
  year = {2021},
  volume = {12},
  pages = {23-34}
}

@article{pythonapi,
  author = {Wilson, Sarah and Tran, Michael},
  title = {Developing RESTful APIs with Python: Best Practices and Challenges},
  journal = {Journal of Software Development},
  year = {2019},
  volume = {18},
  pages = {45-58}
}

@article{pythondata,
  author = {Huang, Wei},
  title = {Data Manipulation and Integration with Python: Applications in Backend Development},
  journal = {Data Science Journal},
  year = {2022},
  volume = {15},
  pages = {10-22}
}

@book{backendworkflow,
  author = {Thompson, Richard},
  title = {Workflow Automation in Backend Systems},
  year = {2021},
  publisher = {DataTech Publishing},
  address = {Boston}
}


@book{relationadatabases,
  author    = {Elmasri, Ramez and Navathe, Shamkant},
  title     = {Fundamentals of Database Systems},
  year      = {2016},
  publisher = {Pearson},
  edition   = {7th},
  address   = {Boston, MA},
  note      = {Discusses the principles of relational database systems, including \textit{PostgreSQL}, \textit{MySQL}, and \textit{Oracle Database}.}
}

@article{measurementerror2020,
    author = {Smith, John and Doe, Jane},
    title = {Measurement Errors in Industrial Processes},
    journal = {Journal of Industrial Engineering},
    year = {2020},
    volume = {45},
    number = {3},
    pages = {215-230},
    publisher = {Industrial Engineering Publishing},
}

@article{temperaturedensity2022,
    author = {Brown, Alice and Lee, Michael},
    title = {Impact of Temperature on Density Variation in Industrial Measurements},
    journal = {Journal of Process Measurement},
    year = {2022},
    volume = {12},
    number = {4},
    pages = {85-98},
    publisher = {Process Measurement Publishing},
}


@book{nosqldatabases,
  author    = {Sadalage, Pramod J. and Fowler, Martin},
  title     = {NoSQL Distilled: A Brief Guide to the Emerging World of Polyglot Persistence},
  year      = {2012},
  publisher = {Addison-Wesley Professional},
  address   = {Upper Saddle River, NJ},
  note      = {Covers various types of NoSQL databases, including \textit{MongoDB}, \textit{Redis}, \textit{Cassandra}, and \textit{Neo4j}.}
}

@article{clouddatabases,
  author    = {Cattell, Rick},
  title     = {Scalable SQL and NoSQL Data Stores},
  journal   = {ACM SIGMOD Record},
  year      = {2011},
  volume    = {39},
  number    = {4},
  pages     = {12--27},
  note      = {Discusses cloud databases and highlights services such as \textit{Amazon RDS}, \textit{Google Cloud SQL}, and \textit{Microsoft Azure SQL Database}.}
}

@book{inmemorydatabases,
  author    = {Garcia-Molina, Hector and Ullman, Jeffrey D. and Widom, Jennifer},
  title     = {Database Systems: The Complete Book},
  year      = {2008},
  publisher = {Prentice Hall},
  edition   = {2nd},
  address   = {Upper Saddle River, NJ},
  note      = {Explores in-memory databases, including \textit{Redis} and \textit{Memcached}, and their applications in high-performance systems.}
}

@book{backendlanguages,
  author    = {Ducket, Jon and McFarland, David and Holzner, Steven},
  title     = {Web Development and Design Foundations with HTML5},
  year      = {2021},
  publisher = {Pearson},
  edition   = {10th},
  address   = {New York, NY},
  note      = {Provides an overview of common back-end languages such as Python, Java, Ruby, PHP, and Node.js, including their use cases and characteristics.}
}

@book{javabackend,
  author    = {Bloch, Joshua},
  title     = {Effective Java},
  year      = {2017},
  publisher = {Addison-Wesley Professional},
  edition   = {3rd},
  address   = {Upper Saddle River, NJ},
  note      = {Discusses Java's robustness and scalability, particularly in enterprise systems, and how it supports large-scale back-end applications.}
}

@book{lagrangeoptbook,
  author    = {Bazaraa, Mokhtar S. and Sherali, Hanif D. and Shetty, C. M.},
  title     = {Nonlinear Programming: Theory and Algorithms},
  year      = {2013},
  publisher = {Wiley},
  edition   = {3rd},
  address   = {Hoboken, NJ},
  note      = {Provides a comprehensive treatment of optimization techniques, including the method of Lagrange multipliers for constrained optimization.}
}

@book{agilemanif,
  author    = {Beck, Kent et al.},
  title     = {Manifesto for Agile Software Development},
  year      = {2001},
publisher = {Agile Manifesto},
  note      = {Defines the principles of Agile, focusing on flexibility, customer collaboration, and incremental development.},
  url       = {https://agilemanifesto.org/}
}

@book{agilepractices,
  author    = {Sutherland, Jeff and Schwaber, Ken},
  title     = {Agile Software Development with Scrum},
  publisher = {Prentice Hall},
  year      = {2004},
  note      = {Explores Agile practices with an emphasis on iterative processes and collaboration.}
}

@article{datareconciliationtechniques,
  author = {Mendez, Juan and Silva, Roberto},
  title = {Techniques for Data Reconciliation in Industrial Applications},
  journal = {Industrial Data Journal},
  year = {2017},
  volume = {15},
  pages = {215--229},
  note = {Discute as técnicas de reconciliação de dados aplicadas na indústria}
}

@article{grosserrorcontrol,
  author = {Lopes, Fernanda and Castro, Miguel},
  title = {Gross Error Detection Methods in Process Data},
  journal = {Process Control Journal},
  year = {2019},
  volume = {10},
  pages = {133--147},
  note = {Estudo sobre métodos de detecção de erros brutos em dados de processos}
}

@article{literaturevalidation,
  author = {Fernandes, Ana Clara},
  title = {Validation Techniques for Data Reconciliation Tools in Gas Distribution},
  journal = {Gas Engineering Review},
  year = {2021},
  volume = {8},
  pages = {89--104},
  note = {Validação de ferramentas de reconciliação de dados em redes de distribuição de gás}
}

@article{precisiondatareconciliation,
  author = {Souza, Carla and Pereira, Marcos},
  title = {Enhancing Precision in Data Reconciliation with Advanced Algorithms},
  journal = {Data Science in Process Industries},
  year = {2023},
  volume = {22},
  pages = {342--360},
  note = {Discussão sobre a precisão dos algoritmos de reconciliação de dados}
}

@article{industrialdataapplications,
  author = {Rodrigues, Elisa and Martins, Victor},
  title = {Data Reconciliation in Industrial Systems: Applications and Challenges},
  journal = {Journal of Industrial Data},
  year = {2022},
  volume = {5},
  pages = {75--90},
  note = {Explora as aplicações e desafios da reconciliação de dados em sistemas industriais}
}


@article{afonsosilveira2015,
  author = {Afonso, M. A. and Silveira, D. R.},
  title = {Conservation Constraints in Mineral Processing Units},
  journal = {Journal of Mining and Metallurgy},
  year = {2015},
  volume = {51},
  pages = {23--31},
  note = {Importância de restrições de conservação de massa}
}

@article{garcia2018,
  author = {García, H. et al.},
  title = {Kalman Filtering in Industrial Processes: Applications and Advantages},
  journal = {Industrial Processing Journal},
  year = {2018},
  volume = {15},
  pages = {42--50},
  note = {Uso da filtragem de Kalman em variabilidade operacional}
}

@article{limapereira2019,
  author = {Lima, R. and Pereira, F.},
  title = {Classical Reconciliation Techniques in Data Processing},
  journal = {Journal of Data Science},
  year = {2019},
  volume = {10},
  pages = {101--120},
  note = {Aplicação de mínimos quadrados usuais em reconciliação de dados}
}

@article{souza2021,
  author = {Souza, A. et al.},
  title = {Recursive Estimation of State Variables in Dynamic Processes},
  journal = {Journal of Process Control},
  year = {2021},
  volume = {8},
  pages = {303--310},
  note = {Aplicação de algoritmos de estimação recursiva para variáveis de estado}
}

@techreport{castro2020,
  author = {Castro, R.},
  title = {Data Reconciliation in Variable Operational Regimes for Mineral Processing},
  institution = {Brazilian Institute of Mining Technology},
  year = {2020},
  note = {Adaptação de ferramentas para diferentes regimes operacionais}
}

@manual{scrumguide,
  title     = {The Scrum Guide},
  author    = {Schwaber, Ken and Sutherland, Jeff},
  year      = {2020},
  note      = {A comprehensive guide to Scrum, focusing on roles, events, and artifacts.},
  url       = {https://scrumguides.org/}
}

@book{scrumroles,
  author    = {Rubin, Kenneth S.},
  title     = {Essential Scrum: A Practical Guide to the Most Popular Agile Process},
  publisher = {Addison-Wesley},
  year      = {2012},
  note      = {Provides insights into Scrum roles, including Product Owner, Scrum Master, and Development Team.}
}

@book{kanbanmethod,
  author    = {Anderson, David J.},
  title     = {Kanban: Successful Evolutionary Change for Your Technology Business},
  publisher = {Blue Hole Press},
  year      = {2010},
  note      = {Describes Kanban as a visual management method to improve flow and efficiency in projects.}
}

@article{kanbanflow,
  author    = {Ahmad, Muhammad Osman and Markkula, Juhani and Oivo, Markku},
  title     = {Kanban in Software Development: A Systematic Literature Review},
  journal   = {ICSSP Proceedings},
  year      = {2013},
  pages     = {9--16},
  note      = {Discusses the flow of work and limitations in Kanban-managed software projects.}
}

@book{extremeprogramming,
  author    = {Beck, Kent},
  title     = {Extreme Programming Explained: Embrace Change},
  publisher = {Addison-Wesley},
  year      = {2000},
  note      = {Describes the principles and practices of Extreme Programming (XP).}
}

@book{tddxp,
  author    = {Beck, Kent},
  title     = {Test-Driven Development: By Example},
  publisher = {Addison-Wesley},
  year      = {2002},
  note      = {Details test-driven development practices within XP methodology.}
}
